<?xml version="1.0" encoding="UTF-8"?><collection xmlns="http://www.loc.gov/MARC21/slim"><record><leader>00394nam--2200121-i-4500</leader><controlfield tag="001">000002976</controlfield><controlfield tag="002">20161230</controlfield><controlfield tag="005">20161230201025</controlfield><controlfield tag="008">060222s1000------------r-----000-0-eng-d</controlfield><datafield ind1=" " ind2=" " tag="100"><subfield code="a">Campbell, R</subfield></datafield><datafield ind1=" " ind2=" " tag="245"><subfield code="a">Theorie generale de l equation de mathiu et de quelques autres equations differentielles de la mecanique. preface de j.peres</subfield></datafield><datafield ind1=" " ind2=" " tag="260"><subfield code="a">Paris, Masson, 1955</subfield></datafield><datafield ind1=" " ind2=" " tag="490"><subfield code="a">Coll.D Ouvrages De Math</subfield></datafield></record></collection>